@article{sql,
 author = {Date, C. J.},
 title = {Some Principles of Good Language Design: With Especial Reference to the Design of Database Languages},
 journal = {SIGMOD Rec.},
 issue_date = {November 1984},
 volume = {14},
 number = {3},
 month = nov,
 year = {1984},
 issn = {0163-5808},
 pages = {1--7},
 numpages = {7},
 url = {http://doi.acm.org/10.1145/984549.984550},
 doi = {10.1145/984549.984550},
 acmid = {984550},
 publisher = {ACM},
 address = {New York, NY, USA},
}

@article{rust,
 author = {Jung, Ralf and Jourdan, Jacques-Henri and Krebbers, Robbert and Dreyer, Derek},
 title = {RustBelt: Securing the Foundations of the Rust Programming Language},
 journal = {Proc. ACM Program. Lang.},
 issue_date = {January 2018},
 volume = {2},
 number = {POPL},
 month = dec,
 year = {2017},
 issn = {2475-1421},
 pages = {66:1--66:34},
 articleno = {66},
 numpages = {34},
 url = {http://doi.acm.org/10.1145/3158154},
 doi = {10.1145/3158154},
 acmid = {3158154},
 publisher = {ACM},
 address = {New York, NY, USA},
 keywords = {Rust, concurrency, logical relations, separation logic, type systems},
}

@inproceedings{dandelion,
 author = {Rossbach, Christopher J. and Yu, Yuan and Currey, Jon and Martin, Jean-Philippe and Fetterly, Dennis},
 title = {Dandelion: A Compiler and Runtime for Heterogeneous Systems},
 booktitle = {Proceedings of the Twenty-Fourth ACM Symposium on Operating Systems Principles},
 series = {SOSP '13},
 year = {2013},
 isbn = {978-1-4503-2388-8},
 location = {Farminton, Pennsylvania},
 pages = {49--68},
 numpages = {20},
 url = {http://doi.acm.org/10.1145/2517349.2522715},
 doi = {10.1145/2517349.2522715},
 acmid = {2522715},
 publisher = {ACM},
 address = {New York, NY, USA},
}

@inproceedings{yesquel,
 author = {Aguilera, Marcos K. and Leners, Joshua B. and Walfish, Michael},
 title = {Yesquel: Scalable Sql Storage for Web Applications},
 booktitle = {Proceedings of the 25th Symposium on Operating Systems Principles},
 series = {SOSP '15},
 year = {2015},
 isbn = {978-1-4503-3834-9},
 location = {Monterey, California},
 pages = {245--262},
 numpages = {18},
 url = {http://doi.acm.org/10.1145/2815400.2815413},
 doi = {10.1145/2815400.2815413},
 acmid = {2815413},
 publisher = {ACM},
 address = {New York, NY, USA},
}

@article{sinfonia,
 author = {Aguilera, Marcos K. and Merchant, Arif and Shah, Mehul and Veitch, Alistair and Karamanolis, Christos},
 title = {Sinfonia: A New Paradigm for Building Scalable Distributed Systems},
 journal = {SIGOPS Oper. Syst. Rev.},
 issue_date = {December 2007},
 volume = {41},
 number = {6},
 month = oct,
 year = {2007},
 issn = {0163-5980},
 pages = {159--174},
 numpages = {16},
 url = {http://doi.acm.org/10.1145/1323293.1294278},
 doi = {10.1145/1323293.1294278},
 acmid = {1294278},
 publisher = {ACM},
 address = {New York, NY, USA},
 keywords = {distributed systems, fault tolerance, scalability, shared memory, transactions, two-phase commit},
}

@inproceedings{stm,
 author = {Shavit, Nir and Touitou, Dan},
 title = {Software Transactional Memory},
 booktitle = {Proceedings of the Fourteenth Annual ACM Symposium on Principles of Distributed Computing},
 series = {PODC '95},
 year = {1995},
 isbn = {0-89791-710-3},
 location = {Ottowa, Ontario, Canada},
 pages = {204--213},
 numpages = {10},
 url = {http://doi.acm.org/10.1145/224964.224987},
 doi = {10.1145/224964.224987},
 acmid = {224987},
 publisher = {ACM},
 address = {New York, NY, USA},
}

@book{transactions,
 author = {Gray, Jim and Reuter, Andreas},
 title = {Transaction Processing: Concepts and Techniques},
 year = {1992},
 isbn = {1558601902},
 edition = {1st},
 publisher = {Morgan Kaufmann Publishers Inc.},
 address = {San Francisco, CA, USA},
}

@article{leases,
 author = {Gray, C. and Cheriton, D.},
 title = {Leases: An Efficient Fault-tolerant Mechanism for Distributed File Cache Consistency},
 journal = {SIGOPS Oper. Syst. Rev.},
 issue_date = {Dec. 3\&\#8211;6, 1989},
 volume = {23},
 number = {5},
 month = nov,
 year = {1989},
 issn = {0163-5980},
 pages = {202--210},
 numpages = {9},
 url = {http://doi.acm.org/10.1145/74851.74870},
 doi = {10.1145/74851.74870},
 acmid = {74870},
 publisher = {ACM},
 address = {New York, NY, USA},
}

@online{io,
 author = {Jeff Dean},
 title = {Building Large-Scale Internet Services},
 year = 2010,
 url = {http://static.googleusercontent.com/media/research.google.com/en//people/jeff/SOCC2010-keynote-slides.pdf},
 urldate = {2018-04-05}
}

@inproceedings{typing,
 abstract = {{This paper argues that we should seek the golden middle way between dynamically and statically typed languages.}},
 author = {Meijer, Erik and Drayton, Peter},
 booktitle = {OOPSLA'04 Workshop on Revival of Dynamic Languages},
 citeulike-article-id = {2082760},
 posted-at = {2007-12-09 16:29:49},
 priority = {2},
 title = {{Static Typing Where Possible, Dynamic Typing When Needed: The End of the Cold War Between Programming Languages}},
 year = {2004}
}

@article{antlr,
 author = {Parr, T. J. and Quong, R. W.},
 title = {ANTLR: A predicated-LL(K) Parser Generator},
 journal = {Softw. Pract. Exper.},
 issue_date = {July 1995},
 volume = {25},
 number = {7},
 month = jul,
 year = {1995},
 issn = {0038-0644},
 pages = {789--810},
 numpages = {22},
 url = {http://dx.doi.org/10.1002/spe.4380250705},
 doi = {10.1002/spe.4380250705},
 acmid = {213603},
 publisher = {John Wiley \& Sons, Inc.},
 address = {New York, NY, USA},
 keywords = {LL(k) parser, compiler, parser generator, parsing, predicates},
}